@book{bonwell_eison_1991, address={Washington, DC}, title={Active learning: Creating excitement in the classroom. 1991 Ashe-Eric Higher Education Reports}, publisher={ERIC Clearinghouse on Higher Education}, author={Bonwell, Charles C. and Eison, James A.}, year={1991}}

@article{freeman_eddy_mcdonough_smith_okoroafor_jordt_wenderoth_2014, title={Active learning increases student performance in science, engineering, and Mathematics}, volume={111}, DOI={10.1073/pnas.1319030111}, number={23}, journal={Proceedings of the National Academy of Sciences}, author={Freeman, Scott and Eddy, Sarah L. and McDonough, Miles and Smith, Michelle K. and Okoroafor, Nnadozie and Jordt, Hannah and Wenderoth, Mary Pat}, year={2014}, month={May}, pages={8410â€“8415}} 

@article{england_brigati_schussler_2017, title={Student anxiety in introductory biology classrooms: Perceptions about active learning and persistence in the major}, volume={12}, DOI={10.1371/journal.pone.0182506}, number={8}, journal={PLOS ONE}, author={England, Benjamin J. and Brigati, Jennifer R. and Schussler, Elisabeth E.}, year={2017}, month={Aug}}

@article{ul_huda_ali_nanji_cassum_2016, title={Perceptions of undergraduate nursing students regarding active learning strategies, and benefits of active learning}, volume={8}, DOI={10.5958/0974-9357.2016.00151.3}, number={4}, journal={International Journal of Nursing Education}, author={Ul Huda, Shams and Ali, Tazeen Saeed and Nanji, Kashmira and Cassum, Shanaz}, year={2016}, month={Jan}, pages={193}} 